<record><leader>00000cas a22000007a 4500</leader><controlfield tag="001">40771007</controlfield><controlfield tag="008">990211d1977198utnuwr ne      0    0eng d</controlfield><datafield ind1=" " ind2=" " tag="010"><subfield code="a">sn 98069928 </subfield></datafield><datafield ind1=" " ind2=" " tag="040"><subfield code="a">TGN</subfield><subfield code="b">eng</subfield><subfield code="c">TGN</subfield><subfield code="d">OCLCQ</subfield><subfield code="d">OCLCF</subfield><subfield code="d">OCLCO</subfield></datafield><datafield ind1="1" ind2=" " tag="029"><subfield code="a">AU@</subfield><subfield code="b">000014546351</subfield></datafield><datafield ind1=" " ind2=" " tag="042"><subfield code="a">msc</subfield></datafield><datafield ind1="0" ind2=" " tag="130"><subfield code="a">Jackson County times (Gainesboro, Tenn.)</subfield></datafield><datafield ind1="0" ind2="0" tag="245"><subfield code="a">Jackson County times.</subfield></datafield><datafield ind1="1" ind2=" " tag="246"><subfield code="i">Colophon title:</subfield><subfield code="a">J C Gainesboro times</subfield><subfield code="f">Nov. 9, 1977-Feb. 6, 1980</subfield></datafield><datafield ind1="1" ind2="7" tag="246"><subfield code="a">J C times</subfield></datafield><datafield ind1=" " ind2=" " tag="260"><subfield code="a">Gainesboro, Tenn. :</subfield><subfield code="b">Jackson County Times Pub. Co.,</subfield><subfield code="c">1977-</subfield></datafield><datafield ind1=" " ind2=" " tag="300"><subfield code="a">v.</subfield></datafield><datafield ind1=" " ind2=" " tag="310"><subfield code="a">Weekly</subfield></datafield><datafield ind1="0" ind2=" " tag="362"><subfield code="a">No. 275 (Oct. 26, 1977)-no. 333 (Dec. 19, 1979) ; v.1, no. 1 (Jan. 2, 1980)-</subfield></datafield><datafield ind1=" " ind2="0" tag="651"><subfield code="a">Gainesboro (Tenn.)</subfield><subfield code="v">Newspapers.</subfield></datafield><datafield ind1=" " ind2="0" tag="651"><subfield code="a">Jackson County (Tenn.)</subfield><subfield code="v">Newspapers.</subfield></datafield><datafield ind1=" " ind2="7" tag="655"><subfield code="a">Newspapers.</subfield><subfield code="2">fast</subfield><subfield code="0">(OCoLC)fst01423814</subfield></datafield><datafield ind1=" " ind2="7" tag="651"><subfield code="a">Tennessee</subfield><subfield code="z">Gainesboro.</subfield><subfield code="2">fast</subfield><subfield code="0">(OCoLC)fst01231989</subfield></datafield><datafield ind1=" " ind2="7" tag="651"><subfield code="a">Tennessee</subfield><subfield code="z">Jackson County.</subfield><subfield code="2">fast</subfield><subfield code="0">(OCoLC)fst01229978</subfield></datafield><datafield ind1=" " ind2=" " tag="752"><subfield code="a">United States</subfield><subfield code="b">Tennessee</subfield><subfield code="c">Jackson</subfield><subfield code="d">Gainesboro.</subfield></datafield><datafield ind1="0" ind2="0" tag="780"><subfield code="t">J C Gainesboro times</subfield><subfield code="w">(DLC)sn 98069927</subfield></datafield></record>